<record><leader>00000cas a22000007a 4500</leader><controlfield tag="001">25534633</controlfield><controlfield tag="008">920326d19041934mouwr ne      0    0eng d</controlfield><datafield ind1=" " ind2=" " tag="010"><subfield code="a">sn 92058851 </subfield></datafield><datafield ind1=" " ind2=" " tag="040"><subfield code="a">MQN</subfield><subfield code="b">eng</subfield><subfield code="c">MQN</subfield><subfield code="d">OCLCQ</subfield></datafield><datafield ind1=" " ind2=" " tag="042"><subfield code="a">msc</subfield></datafield><datafield ind1="0" ind2="4" tag="245"><subfield code="a">The Nodaway County times.</subfield></datafield><datafield ind1=" " ind2=" " tag="260"><subfield code="a">Maryville, Nodaway County, Mo. :</subfield><subfield code="b">Nodaway County Times Pub. Co.,</subfield><subfield code="c">-1934.</subfield></datafield><datafield ind1=" " ind2=" " tag="300"><subfield code="a">v.</subfield></datafield><datafield ind1=" " ind2=" " tag="310"><subfield code="a">Weekly</subfield></datafield><datafield ind1="1" ind2=" " tag="362"><subfield code="a">Began in 1904?</subfield></datafield><datafield ind1="0" ind2=" " tag="362"><subfield code="a">-v. 30, no. 14 (Apr. 12, 1934).</subfield></datafield><datafield ind1=" " ind2=" " tag="588"><subfield code="a">Description based on: Vol. 29, no. 45 (Nov. 9, 1933).</subfield></datafield><datafield ind1=" " ind2=" " tag="752"><subfield code="a">United States</subfield><subfield code="b">Missouri</subfield><subfield code="c">Nodaway</subfield><subfield code="d">Maryville.</subfield></datafield><datafield ind1="0" ind2="4" tag="785"><subfield code="t">Maryville daily forum</subfield><subfield code="w">(DLC)sn 89066025</subfield></datafield></record>